<?xml version="1.0" encoding="UTF-8"?><collection xmlns="http://www.loc.gov/MARC21/slim"><record><leader>00426nam--2200133-i-4500</leader><controlfield tag="001">000046167</controlfield><controlfield tag="002">20161230</controlfield><controlfield tag="005">20161230201045</controlfield><controlfield tag="008">060222s1000------------r-----000-0-eng-d</controlfield><datafield ind1=" " ind2=" " tag="080"><subfield code="a">539.186(043)</subfield></datafield><datafield ind1=" " ind2=" " tag="100"><subfield code="a">Vasiliu,George</subfield></datafield><datafield ind1=" " ind2=" " tag="245"><subfield code="a">Etude des excitation (n+2 et 3) de l`helium dans les collisiions he+ -he a basse energie (100-200 ev) par une methode...these</subfield></datafield><datafield ind1=" " ind2=" " tag="260"><subfield code="a">Paris, L`Univ.Paris-sud, 1976. 117 P</subfield></datafield><datafield ind1=" " ind2=" " tag="852"><subfield code="a">44942</subfield></datafield></record></collection>